@Book{HTHandbook,
editor = {Warren Rohsenow and Hames Hartnet and Young Cho},
title = {Handbook of Heat Transfer},
publisher = {McGraw-Hill},
year = {1998},
edition = {3},
}

@Book{Was,
author = {Gary S. Was},
title = {Fundamentals of Radiation Materials Science: Metals and Alloys},
publisher = {Springer},
year = {2010},
address = {Berlin},
}


@Book{SRIM,
author = {J. F. Ziegler and J. P. Biersack and U. Littmark},
title = {Stopping and Range of Ions in Solids},
publisher = {Pergamon Press},
year = {2009},
address = {New York},
}


@article{hershcovitch,
author = {Ady Hershcovitch},
collaboration = {},
title = {A plasma window for transmission of particle beams and radiation from vacuum to atmosphere for various applications},
publisher = {AIP},
year = {1998},
journal = {Physics of Plasmas},
volume = {5},
number = {5},
pages = {2130-2136},
keywords = {WINDOWS; VACUUM SYSTEMS; PLASMA GUNS; ELECTRON GUNS; USES; SYNCHROTRON RADIATION; plasma applications; arcs (electric); plasma-beam interactions; electron beam welding; electron beam applications; beam handling techniques},
url = {http://link.aip.org/link/?PHP/5/2130/1},
doi = {10.1063/1.872885}
}


@article{Maehaut,
title = "Applications of ion beam analysis in biology and medicine, a review",
journal = "Nuclear Instruments and Methods in Physics Research Section B: Beam Interactions with Materials and Atoms",
volume = "35",
number = "3-4",
pages = "388 - 403",
year = "1988",
note = "",
issn = "0168-583X",
doi = "DOI: 10.1016/0168-583X(88)90300-X",
url = "http://www.sciencedirect.com/science/article/pii/0168583X8890300X",
author = "Willy Maenhaut"
}

@article{Doyle,
title = "External micro-ion-beam analysis (X-MIBA)",
journal = "Nuclear Instruments and Methods in Physics Research Section B: Beam Interactions with Materials and Atoms",
volume = "54",
number = "1-3",
pages = "244 - 257",
year = "1991",
note = "",
issn = "0168-583X",
doi = "DOI: 10.1016/0168-583X(91)95521-E",
url = "http://www.sciencedirect.com/science/article/pii/0168583X9195521E",
author = "B.L. Doyle and D.S. Walsh and S.R. Lee"
}


@InProceedings{PandeAnandAgarwala,
author = {Brij M. Pande and Manmohan S. Anand and Rajendra P. Agarwala},
title = {Dose and Energy Dependence of Helium Ion Irradiated Monel-400},
booktitle = {Radiation Induced Changes in Microstructure, 13th International Symposium, Part 1},
year = {1987},
address = {Pennsylvania},
publisher = {ASTM},
}

@article{Moslang,
title = "IFMIF: the intense neutron source to qualify materials for fusion reactors",
journal = "Comptes Rendus Physique",
volume = "9",
number = "3-4",
pages = "457 - 468",
year = "2008",
note = "Materials subjected to fast neutron irradiation",
issn = "1631-0705",
doi = "DOI: 10.1016/j.crhy.2007.10.018",
url = "http://www.sciencedirect.com/science/article/pii/S1631070507002642",
author = "Anton Möslang",
}

@article{Baluc,
  author={N. Baluc and R. Schäublin and P. Spätig and M. Victoria},
  title={On the potentiality of using ferritic/martensitic steels as structural materials for fusion reactors},
  journal={Nuclear Fusion},
  volume={44},
  number={1},
  pages={56},
  url={http://stacks.iop.org/0029-5515/44/i=1/a=006},
  year={2004},
}

@Book{Lassner,
author = {Erik Lassner and Wolf-Dieter Schubert},
title = {Tungsten: Properties, Chemistry,Technology of the Element, Alloys, and Chemicals},
publisher = {Springer},
year = {1999},
address = {Verlag},
}

@article{GarinSugimoto,
title = "Status of IFMIF Design and R&D",
journal = "Fusion Engineering and Design",
volume = "83",
number = "7-9",
pages = "971 - 975",
year = "2008",
note = "Proceedings of the Eight International Symposium of Fusion Nuclear Technology - ISFNT-8 SI",
issn = "0920-3796",
doi = "DOI: 10.1016/j.fusengdes.2008.05.028",
url = "http://www.sciencedirect.com/science/article/pii/S0920379608001142",
author = "Pascal Garin and Masayoshi Sugimoto",
} 
 
@Misc{ASTME521,
title = {ASTM E521 - 96. Standard Practice for Neutron Radiation Damage Simulation by Charged-Particle Irradiation},
year = {2000},
key = {ASTM}
}
 
@article{SneadZinkleTwo,
title = "Amorphization of SiC under ion and neutron irradiation",
journal = "Nuclear Instruments and Methods in Physics Research Section B: Beam Interactions with Materials and Atoms",
volume = "141",
number = "1-4",
pages = "123 - 132",
year = "1998",
note = "",
issn = "0168-583X",
doi = "DOI: 10.1016/S0168-583X(98)00085-8",
url = "http://www.sciencedirect.com/science/article/pii/S0168583X98000858",
author = "L. L. Snead and S. J. Zinkle and J. C. Hay and M. C. Osborne"
}

@article{KluehTwo,
title = "Ferritic/martensitic steels: promises and problems",
journal = "Journal of Nuclear Materials",
volume = "191-194",
number = "Part 1",
pages = "116 - 124",
year = "1992",
note = "Fusion Reactor Materials Part A, Proceedings of the Fifth International Conference on Fusion Reactor Materials (ICFRMS-5)",
issn = "0022-3115",
doi = "DOI: 10.1016/S0022-3115(09)80018-4",
url = "http://www.sciencedirect.com/science/article/pii/S0022311509800184",
author = "R.L. Klueh and K. Ehrlich and F. Abe"
}


@book{sickafus2007radiation,
  title={Radiation effects in solids},
  author={Sickafus, Kurt E and Kotomin, Eugene A and Uberuaga, Blas P},
  volume={1},
  year={2007}
}



@inproceedings{geisler2007commissioning,
  title={Commissioning of the ACCEL 250 MeV proton cyclotron},
  author={Geisler, AE and Hottenbacher, J and Klein, HU and Krischel, D and R{\"o}cken, H and Schillo, M and Stephani, T and Timmer, JH and Baumgarten, C},
  booktitle={Proc. of 18th Int. Conf. on Cycl. and their Appl., Giardini Naxos, Italy},
  pages={9--14},
  year={2007}
}


@article{lucas1990review,
  title={Review of small specimen test techniques for irradiation testing},
  author={Lucas, GE},
  journal={Metallurgical Transactions A},
  volume={21},
  number={4},
  pages={1105--1119},
  year={1990},
  publisher={Springer}
}



@phdthesis{sordelet2011design,
  title={Design and optimization of a multi-particle accelerator beam transport and delivery system for material irradiation in nuclear and fusion science},
  author={Sordelet, Tyler Christopher},
  year={2011},
  school={Massachusetts Institute of Technology}
}

@article{abderrahim2001myrrha,
  title={MYRRHA: A multipurpose accelerator driven system for research \& development},
  author={Abderrahim, H A{\i}t and Kupschus, P and Malambu, E and Benoit, Ph and Van Tichelen, K and Arien, B and Vermeersch, F and D’hondt, P and Jongen, Y and Ternier, S and others},
  journal={Nuclear Instruments and Methods in Physics Research Section A: Accelerators, Spectrometers, Detectors and Associated Equipment},
  volume={463},
  number={3},
  pages={487--494},
  year={2001},
  publisher={Elsevier}
}


@article{Jongen201047,
title = "Compact superconducting cyclotron \{C400\} for hadron therapy ",
journal = "Nuclear Instruments and Methods in Physics Research Section A: Accelerators, Spectrometers, Detectors and Associated Equipment ",
volume = "624",
number = "1",
pages = "47 - 53",
year = "2010",
note = "",
issn = "0168-9002",
doi = "http://dx.doi.org/10.1016/j.nima.2010.09.028",
url = "http://www.sciencedirect.com/science/article/pii/S0168900210020218",
author = "Y. Jongen and M. Abs and A. Blondin and W. Kleeven and S. Zaremba and D. Vandeplassche and V. Aleksandrov and S. Gursky and O. Karamyshev and G. Karamysheva and N. Kazarinov and S. Kostromin and N. Morozov and E. Samsonov and G. Shirkov and V. Shevtsov and E. Syresin and A. Tuzikov",
}

@article{jongen2004new,
  title={New cyclotron developments at IBA},
  author={Jongen, Y and Kleeven, W and Zaremba, S},
  journal={Proc. of the Cyclotrons},
  year={2004}
}

@article{zhang2009research,
  title={Research progress in high intensity cyclotron technology},
  author={Zhang, TianJue and Fan, MingWu and Li, ZhenGuo and Chu, ChengJie},
  journal={Chinese Science Bulletin},
  volume={54},
  number={21},
  pages={3931--3939},
  year={2009},
  publisher={Springer}
}

@article{superfish1976software,
  title={software produced under US Government by Los Alamos National Laboratory},
  author={Superfish, Poisson and Billen, James H and Young, Lloyd M},
  journal={Particle Accelerators},
  volume={7},
  number={4},
  pages={213--222},
  year={1976}
}

@techreport{fields2004opera,
  title = {Opera-3d Reference Manual}
  institution = {ERA Technology Limited Trading as Cobham Technical Services},
  year = {2009},
}

@techreport{block2011,
  title = {{Acfields: Semi-Analytics Cyclotron Fields using a Python/Fortran}}
  author = {R. Block}
  group = { Plasma Science and Fusion Center}
  year = {2011}
  institution = {Massachusetts Institute of Technology}
}

@article{brown1973computer,
  title={Computer Program for Designing Charged Particle Beam Transport Systems},
  author={Brown, KL and Carey, DC and Iselin, Ch and Rothacker, F},
  journal={SLAC-91 (1973 Rev.), NAL},
  volume={91},
  pages={80--04},
  year={1973}
}


@article{strijckmans2001isochronous,
  title={The isochronous cyclotron: principles and recent developments},
  author={Strijckmans, Karel},
  journal={Computerized medical imaging and graphics},
  volume={25},
  number={2},
  pages={69--78},
  year={2001},
  publisher={Elsevier}
}



%\bibitem{LBEpaper}
%M. P. Short, S. E. Ferry, S. Morton, R. G. Ballinger. ` Diffusional stability of ferritic martensitic steel composite for service in advanced lead bismuth cooled nuclear reactors.' \emph{International Heat Treatment and Surface Engineering.}  \textbf{4}(2), 2010

%\bibitem{Klueh}
%R. L. Klueh, M.A. Sokolov, K. Shiba, Y. Miwa, and J.P. Robertson. `Embrittlement of reduced-activation ferritic/martensitic steels irradiated in HFIR at 300 $\circ$ C and 400 $\circ$C.'
%\emph{Journal of Nuclear Materials}. 283-287, 2000.

%\bibitem{Kerchner}
%H.R. Kerchner, R. R. Coltman, C. E. Klabunde, and F. W. Young, Jr. 
%`The Low-Temperature Neutron Irradiation Facility at ORNL.'
%\emph{Influence of Radiation on Material Properties, 13th International Symposium.}
%Ed. F. A. Garner, C. H. Henager, Jr., and N. Igata. 
%Phildelphia, 1986.

%\bibitem{Tynan}
%G. R. Tynan. 
%\emph{PMI and PFC Test Facilities.} 
%University of California San Diego, 30 Aug 2010. 
%
%\bibitem{NISTSiC}
%NIST Property Data Summaries: Sintered Silicon Carbide (SiC). Accessed online at http://www.ceramics.nist.gov/srd/summary/scdscs.htm 
%
%\bibitem{Munro SiC}
%R. G. Munro. `Material Properties of a Sintered $\alpha$ SiC.' \emh{Journal of Physical and Chemical Reference Data.} \textbf{26} (5), 1997. (Accessed online at www.jpcrd.aip.org)
%
%\bibitem{Snead}
%L. L. Snead, R. H. Jones, A. Kohyama, and P. Fenici. `Status of silicon carbide composites for fusion.' \emph{Journal of Nuclear Materials.} \textbf{233-237}, Part 1, October 1996. 26-36
%
%\bibitem{SneadTwo}
%L. L. Snead, M. Balden, R. A. Causey, and H. Atsumi. `High thermal conductivity of grpahite fiber silicon carbide composites for fusion reactor application.' Journal of Nuclear Materials. \textbf{307-311} Part 2. 2002. 1200-1204
%
%
%\bibitem{ZinkleSnead}
%S. J. Zinkle and L. L. Snead. `Thermophysical and Mechanical Properties of SiC/SiC Composites (5/28/98 draft).' ORNL. Accessible online at http://www.fusion.ucla.edu/apex/pdfs/SiC.pdf.
%
%\bibitem{Logan}
%C.M.Logan, J.D.Anderson, Proton Simulation of Displacement Effects Induced in Metals by 14 MeV Neutrons, Journal of Nuclear Materials 48 (1973) 223--232
%
%

%
%\bibitem{Kowbel}
%W. Kowbel et al. `High Thermal Conductivity SiC/SiC Composites for Fusion Applications.' Pacific Northwest National Laboratory. Accessible online at http://www-ferp.ucsd.edu/LIB/MEETINGS/0001-SiCSiC/Kowbel.pdf.
%
%\bibitem{RHJones}
%R. H. Jones et al. `Promise and challenges of SiC$_f$/SiC composites for fusion energy applications.'
%\emph{Journal of Nuclear Materials.} \textbf{307-311}, Part 2. December 2002. 
%
%\bibitem{Vayrynen}
%Samuli V\"ayrynen. `Irradiation of silicon particle detectors with MeV-protons.' \emph{University of Helsinski Report Series.} 2010.
%
%\bibitem{kaeri}
%atom.kaeri.kr

%\bibitem{ZhiyunLuo}
%Zhiyun Luo et al. `Proton Radiation Effects in 4H-SiC Diodes and MOS Capacitors.' \emph{IEEE Transactions on Nuclear Science.} \textbf{51}, 6. December 2004 
%
%\bibitem{Smith}
%D. L. Smith, B. A. Loomis, and D. R. Diercks. `Vanadium-base alloys for fusion reactor applications - a review.' \emph{Journal of Nuclear Materials.} \textbf{135} (2-3). 1985. 

%\bibitem{Busch}
%G. Busch and A. Tobin. `Oxidation of vanadium and vanadium alloys in gaseous helium coolants containing water vapor impurities.' \emph{Journal of Nuclear Materials.} \textbf{141-143}, Part 2, Nov - Dec 1986. 
%
%\bibitem{Kurtz} 
%R. J. Kurtz et al. `Critical issues and current status of vanadium alloys for fusion energy applications.' \emph{Journal of Nuclear Materials.}  \textbf{283-287}, Part 1. 2000. 70-78
%
%\bibitem{Ihli}
%T. Ihli, A.R. Raffray, S.I. Abdel-Khalik, S. Shin, Design and performance study of the helium-cooled T-tube divertor concept, Fusion Engineering and Design 82 (2007) 249–264
%
%\bibitem{Zinkle}
%S. J. Zinkle et al. `Research and development on vanadium alloys for fusion applications.' \emph{Journal of Nuclear Materials.} \textbf{258-263}. Part 1. October 1998.
%
%\bibitem{Muroga}
%T. Muroga et al. `Vanadium alloys-overview and recent results.' \emph{Journal of Nuclear Materials.}\textbf{307-311} (Part 1), December 2002. 
%
%\bibitem{Kuwabara}
%T. Kuwabara, H. Kurishita, and M. Hasegawa. `Microstructure control to improve mechanical properties of vanadium alloys for fusion applications.' \emph{Journal of Nuclear Materials.} \textbf{283-287}, 2000.
%
%\bibitem{Smolik}
%G. R. Smolik, R. M. Neilson, Jr., and S. J. Piet. `Volatility from Copper and Tungsten Alloys for Fusion.' Idaho National Laboratory, 1989. Accessed Online at http://www.osti.gov/bridge/product.biblio.jsp?osti d$=$5393350.

%\bibitem{Wucla} S. Sharafat, R. Martinez, and N. M. Ghoniem. `Design Window for Tungsten Alloys.' Presentation, UCLA, 1999. Accessed online at http://www.fusion.ucla.edu/apex/meeting7/ghoniem1.pdf.
%
%\bibitem{Refractory}
%Mustafa \"Ubeyli and Senay Yalcm. `Utilization of Refractory Metals and Alloys in Fusion Reactor Structures.' \emph{Journal of Fusion Energy.} \textbf{25} (3/4). December 2006
%
%
%\bibitem{Gavrilenko}
%A. P. Gavrilenko et al. `Effect of the Grain Size of Tungsten on the Erosion Resistance of Tungsten-Copper Pseudoalloys.' \emph{Powder Metallurgy and Metal Ceramics/} \textbf{27}(10),e 1988.
%
%\bibitem{russia}
%A. I. Ryazanov et al. `Effect of High-energy Proton Beam Irradiation on the Behaviour of Graphite Collimator Materials for LHC.' CERN-ATS-Note-2010-042 MD. 2010. Accessible online at http://cdsweb.cern.ch/. 
%
%\bibitem{Maruyama}
%Tadashi Maruyama and Masaaki Harayama. `Neutron irradiation effect on the thermal conductivity and dimensional change of graphite materials.' \emph{Journal of Nuclear Materials.} \textbf{195}, 1992.
%
%\bibitem{Tanabe}
%T. Tanabe, T. Maruyama, M. Iseki, K. Niwase, and H. Atsumi. `Radiation damage of graphite : degradation of material parameters and defect structures.' \emph{Fusion Engineering and Design.} \textbf{29}. 3 March 1995.
%
%\bibitem{PSFCpeople}
%B. Lipschultz et al. `Operation of Alcator C-Mod with high-Z plasma facing components and implications.' PSFC, MIT. 2005. 
%
%\bibitem{Faleschini}
%M. Faleschini, H. Kreuzer, D. Kiener, and R. Pippan. `Fracture toughness investigations of tungsten alloys and SPD tungsten alloys.' \emph{Journal of Nuclear Materials.} \textbf{367-370}, Part I. 2007
%
%\bibitem{ZinkleTemp}
%S. Zinkle and N. Ghoniem. `Operating temperature windows for fusion reactor structural materials.' \emph{Fusion Engineering and Design.} \textbf{51-52}, 2000
%
%\bibitem{Tavassoli} 
%A. F. Tavassoli. `Present limits and improvements of structural materials for fusion reactors.' \emph{Journal of Nuclear Materials.} \textbf{302} 2-3. 2002. 
%
%\bibitem{VCrTi}
%D. T. Hoelzer, J. Bentley, and A. F. Rowcliff.e `Processing and Fabrication of V-4Cr-4Ti.' Metals and Ceramics Divison, ORNL. US Fusion Materials Science Programs Strategic Planning Meeting, 2002. Accessed online at http://www.fusionmaterials.pnl.gov.
%
%\bibitem{Diagnostics}
%T. Shikama et al. `Irradiation test of diagnostic components for ITER application in the Japan Materials Testing Reactor.' \emph{Nuclear Fusion} \textbf{43}, 2003
